@article{kovachki2021neural,
  title={Neural operator: Learning maps between function spaces},
  author={Kovachki, Nikola and Li, Zongyi and Liu, Burigede and Azizzadenesheli, Kamyar and Bhattacharya, Kaushik and Stuart, Andrew and Anandkumar, Anima},
  journal={arXiv preprint arXiv:2108.08481},
  year={2021}
}

@article{beck2020overview,
  title={An overview on deep learning-based approximation methods for partial differential equations},
  author={Beck, Christian and Hutzenthaler, Martin and Jentzen, Arnulf and Kuckuck, Benno},
  journal={arXiv preprint arXiv:2012.12348},
  year={2020}
}

@article{grossmann2023can,
  title={Can physics-informed neural networks beat the finite element method?},
  author={Grossmann, Tamara G and Komorowska, Urszula Julia and Latz, Jonas and Sch{\"o}nlieb, Carola-Bibiane},
  journal={arXiv preprint arXiv:2302.04107},
  year={2023}
}

@article{cuomo2022scientific,
  title={Scientific machine learning through physics--informed neural networks: Where we are and whatâ€™s next},
  author={Cuomo, Salvatore and Di Cola, Vincenzo Schiano and Giampaolo, Fabio and Rozza, Gianluigi and Raissi, Maziar and Piccialli, Francesco},
  journal={Journal of Scientific Computing},
  volume={92},
  number={3},
  pages={88},
  year={2022},
  publisher={Springer}
}

@article{hao2022physics,
  title={Physics-Informed Machine Learning: A Survey on Problems},
  author={Hao, Zhongkai and Liu, Songming and Zhang, Yichi and Ying, Chengyang and Feng, Yao and Su, Hang and Zhu, Jun},
  journal={Methods and Applications. arXiv},
  volume={2211},
  year={2022}
}

@article{chai2021deep,
  title={Deep learning in computer vision: A critical review of emerging techniques and application scenarios},
  author={Chai, Junyi and Zeng, Hao and Li, Anming and Ngai, Eric WT},
  journal={Machine Learning with Applications},
  volume={6},
  pages={100134},
  year={2021},
  publisher={Elsevier}
}

@article{serey2023pattern,
  title={Pattern recognition and deep learning technologies, enablers of industry 4.0, and their role in engineering research},
  author={Serey, Joel and Alfaro, Miguel and Fuertes, Guillermo and Vargas, Manuel and Dur{\'a}n, Claudia and Ternero, Rodrigo and Rivera, Ricardo and Sabattin, Jorge},
  journal={Symmetry},
  volume={15},
  number={2},
  pages={535},
  year={2023},
  publisher={MDPI}
}

@INPROCEEDINGS{NLPChai,
  author={Chai, Junyi and Li, Anming},
  booktitle={2019 International Conference on Machine Learning and Cybernetics (ICMLC)}, 
  title={Deep Learning in Natural Language Processing: A State-of-the-Art Survey}, 
  year={2019},
  volume={},
  number={},
  pages={1-6},
  doi={10.1109/ICMLC48188.2019.8949185}
  }

  @article{raissi2019physics,
  title={Physics-informed neural networks: A deep learning framework for solving forward and inverse problems involving nonlinear partial differential equations},
  author={Raissi, Maziar and Perdikaris, Paris and Karniadakis, George E},
  journal={Journal of Computational physics},
  volume={378},
  pages={686--707},
  year={2019},
  publisher={Elsevier}
}












